@digital{le2020zhong,
  author = {乐思},
  title = {中国电信建成NB-IoT基站40余万个 物联网用户规模超过8000万},
  type = {EB/OL},
  date = {April 27, 2020},
  url = {http://www.c114.com.cn/news/117/a1065066.html}
}

@digital{OKgagaga,
  author = {OKgagaga},
  title = {多层PCB via stub效应（1）},
  type = {EB/OL},
  date = {April 28, 2020},
  url = {https://blog.csdn.net/guyanbeifei/article/details/79212240}
}

@digital{wsq_git,
  author = {chilogen（韦嗣千）},
  title = {nbiot-bs},
  type = {CP/OL},
  date = {April 28, 2020},
  url = {https://github.com/chilogen/stm32_test/tree/feature/nbiot-bs}
}

@standard{RoHS,
  institution = {export.gov},
  id = {EU 2015/863},
  title = {RoHS 3},
  publisher = {export.gov},
  date = {2006年7月1日},
  address = {EU}
}

@ARTICLE{stubeffect, 
  author={T. {Kushta} and K. {Narita} and T. {Kaneko} and T. {Saeki} and H. {Tohya}}, 
  journal={IEEE Microwave and Wireless Components Letters}, 
  title={Resonance stub effect in a transition from a through via hole to a stripline in multilayer PCBs}, 
  year={2003}, 
  volume={13}, 
  number={5}, 
  pages={169-171},
}


@ARTICLE{8010279, 
  author={Y. {Miao} and W. {Li} and D. {Tian} and M. S. {Hossain} and M. F. {Alhamid}}, 
  journal={IEEE Internet of Things Journal}, 
  title={Narrowband Internet of Things: Simulation and Modeling}, 
  year={2018}, 
  volume={5}, 
  number={4}, 
  pages={2304-2314},
}

@INPROCEEDINGS{8436641, 
  author={J. {Oh} and H. {Song}}, 
  booktitle={2018 Tenth International Conference on Ubiquitous and Future Networks (ICUFN)}, 
  title={Study on the Effect of LTE on the Coexistence of NB-IoT}, 
  year={2018}, 
  volume={}, 
  number={}, 
  pages={610-612},
}

@INPROCEEDINGS{8539658, 
  author={H. {Kim} and S. C. {Cho} and Y. {Lee}}, booktitle={2018 International Conference on Information and Communication Technology Convergence (ICTC)}, 
  title={Interference Analysis of Guardband NB-IoT System}, 
  year={2018}, 
  volume={}, 
  number={}, 
  pages={1370-1372},
} 

@article{hbydjs201905115,
title ={NB-Iot与LoRa技术在物联网中的应用研究},
author ={窦猛 and 广东南方电信规划咨询设计院有限公司惠州分公司 and 广东南方电信规划咨询设计院有限公司惠州分公司,广东惠州,516003},
keywords ={窄带物联网; NB-Iot; LoRa; 通信运营},
journal ={信息通信},
number ={2019年 05},
year ={2019},
month ={Jun},
volume={}, 
abstract ={在物联网稳步发展的时代,窄带物联网凭借着其低成本和强穿透能力成为了一种主流的技术.通过NB-Iot和LoRa这些窄带物联网的方式进行传输,使得窄带物联网在智能查表、工业检测等应用上有了极大的业务拓展.文章首先介绍了NB-Iot和LoRa技术的优势,然后分析了NB-Iot和LoRa在物联网领域中的应用.},
pages ={248-249},
language ={簡體中文},
ISSN ={1673-1131},
publisher ={湖北通信服务公司},
}

@digital{锂亚电池,
  author = {qiubingfu},
  title = {锂亚电池技术特性},
  type = {EB/OL},
  date = {April 28, 2020},
  url = {https://wenku.baidu.com/view/5306f04d852458fb770b56d0.html}
}

@digital{le2020zhong,
  author = {乐思},
  title = {中国电信建成NB-IoT基站40余万个 物联网用户规模超过8000万},
  type = {EB/OL},
  date = {April 27, 2020},
  url = {http://www.c114.com.cn/news/117/a1065066.html}
}
